@inproceedings{muranushi2014experience,
  title={Experience Report: Type-checking Polymorphic Units for Astrophysics Research in Haskell},
  author={Muranushi, Takayuki and Eisenberg, Richard A},
  booktitle={2014 ACM SIGPLAN Symposium on Haskell},
  year={2014},
  organization={ACM}
}

@article{ragan2013halide,
  title={Halide: a language and compiler for optimizing parallelism, locality, and recomputation in image processing pipelines},
  author={Ragan-Kelley, Jonathan and Barnes, Connelly and Adams, Andrew and Paris, Sylvain and Durand, Fr{\'e}do and Amarasinghe, Saman},
  journal={ACM SIGPLAN Notices},
  volume={48},
  number={6},
  pages={519--530},
  year={2013},
  publisher={ACM}
}

@article{ragan2012decoupling,
  title={Decoupling algorithms from schedules for easy optimization of image processing pipelines.},
  author={Ragan-Kelley, Jonathan and Adams, Andrew and Paris, Sylvain and Levoy, Marc and Amarasinghe, Saman P and Durand, Fr{\'e}do},
  journal={ACM Trans. Graph.},
  volume={31},
  number={4},
  pages={32},
  year={2012},
  publisher={Citeseer}
}

@article{moczo2007finite,
  title={The finite-difference time-domain method for modeling of seismic wave propagation},
  author={Moczo, Peter and Robertsson, Johan OA and Eisner, Leo},
  journal={Advances in Geophysics},
  volume={48},
  pages={421--516},
  year={2007},
  publisher={Elsevier}
}

@article{johnson2008notes,
  title={Notes on perfectly matched layers (PMLs)},
  author={Johnson, Steven G},
  journal={Lecture notes, Massachusetts Institute of Technology, Massachusetts},
  year={2008}
}

@article{Muranushi2012Paraiso,
  title={Paraiso: an automated tuning framework for explicit solvers of partial differential equations},
  author={Muranushi, Takayuki},
  journal={Computational Science \& Discovery},
  volume={5},
  number={1},
  pages={015003},
  year={2012},
  publisher={IOP Publishing}
}


@techreport{kim2011closing,
  title={Closing the Ninja Performance Gap through Traditional Programming and Compiler Technology},
  author={Kim, Changkyu and Satish, Nadathur and Chhugani, Jatin and Saito, Hideki and Krishnaiyer, Rakesh and Smelyanskiy, Mikhail and Girkar, Milind and Dubey, Pradeep},
  year={2011},
  institution={Technical report, Intel Labs}
}

@inproceedings{satish2012can,
  title={Can traditional programming bridge the ninja performance gap for parallel computing applications?},
  author={Satish, Nadathur and Kim, Changkyu and Chhugani, Jatin and Saito, Hideki and Krishnaiyer, Rakesh and Smelyanskiy, Mikhail and Girkar, Milind and Dubey, Pradeep},
  booktitle={ACM SIGARCH Computer Architecture News},
  volume={40},
  number={3},
  pages={440--451},
  year={2012},
  organization={IEEE Computer Society}
}



@inproceedings{maruyama2011physis,
  title={Physis: an implicitly parallel programming model for stencil computations on large-scale GPU-accelerated supercomputers},
  author={Maruyama, Naoya and Nomura, Tatsuo and Sato, Kento and Matsuoka, Satoshi},
  booktitle={High Performance Computing, Networking, Storage and Analysis (SC), 2011 International Conference for},
  pages={1--12},
  year={2011},
  organization={IEEE}
}

@inproceedings{Schafer:2008:LGL:1431669.1431721,
  author = {Sch\"{a}fer, Andreas and Fey, Dietmar},
  title = {LibGeoDecomp: A Grid-Enabled Library for Geometric Decomposition Codes},
  booktitle = {Proceedings of the 15th European PVM/MPI Users' Group Meeting on 
    Recent Advances in Parallel Virtual Machine and Message Passing Interface},
  year = {2008},
  isbn = {978-3-540-87474-4},
  location = {Dublin, Ireland},
  pages = {285--294},
  numpages = {10},
  url = {http://dx.doi.org/10.1007/978-3-540-87475-1_39},
  doi = {http://dx.doi.org/10.1007/978-3-540-87475-1_39},
  acmid = {1431721},
  publisher = {Springer-Verlag},
  address = {Berlin, Heidelberg},
  keywords = {Grid computing, hierarchical parallelization, self-adaptation},
} 

@book{lipovaca2012Sugoi,
  title={すごい Haskell たのしく学ぼう!},
  author={Lipovača, Miran and Tanaka, Hideyuki and Muranushi, Takayuki},
  year={2012},
  publisher={株式会社 オーム社}
}

@incollection{claessen1999observable,
  title={Observable sharing for functional circuit description},
  author={Claessen, Koen and Sands, David},
  booktitle={Advances in Computing Science—ASIAN’99},
  pages={62--73},
  year={1999},
  publisher={Springer}
}

@article{conway1970game,
  title={The game of life},
  author={Conway, John},
  journal={Scientific American},
  volume={223},
  number={4},
  pages={4},
  year={1970},
  publisher={ACM Press}
}