@inproceedings{muranushi2014experience,
  title={Experience Report: Type-checking Polymorphic Units for Astrophysics Research in Haskell},
  author={Muranushi, Takayuki and Eisenberg, Richard A},
  booktitle={2014 ACM SIGPLAN Symposium on Haskell},
  year={2014},
  organization={ACM},
  url={http://dl.acm.org/citation.cfm?id=2633362},
}

@inproceedings{gundry2015typechecker,
  title={A Typechecker Plugin for Units of Measure},
  author={Gundry, Adam},
  booktitle={Proceedings of the 2015 ACM SIGPLAN symposium on Haskell},
  year={2015},
  url={http://adam.gundry.co.uk/pub/typechecker-plugins/}
}
