@book{lipovaca2014Haskell,
  title={すごいHaskell楽しく学ぼう},
  author={Miran Lipovača (著) and 田中 英行 (翻訳) and 村主 崇行 (翻訳)},
  year={2012},
  publisher={Ohmsha},
  note={note 文日 moge}
}
