@article{muranushi2010dust,
  title={Dust--dust collisional charging and lightning in protoplanetary discs},
  author={Muranushi, Takayuki},
  journal={Monthly Notices of the Royal Astronomical Society},
  volume={401},
  number={4},
  pages={2641--2664},
  year={2010},
  publisher={Oxford University Press}
}

@article{muranushi2009direct,
  title={Direct Simulations of Particle Acceleration in a Fluctuating Electromagnetic Field Across a Shock},
  author={Muranushi, Takayuki and Inutsuka, Shu-ichiro},
  journal={The Astrophysical Journal Letters},
  volume={691},
  number={1},
  pages={L24},
  year={2009},
  publisher={IOP Publishing}
}

@article{farr2012psdf,
  title={PSDF: Particle Stream Data Format for N-body simulations},
  author={Farr, Will M and Ames, Jeff and Hut, Piet and Makino, Junichiro and McMillan, Steve and Muranushi, Takayuki and Nakamura, Koichi and Nitadori, Keigo and Zwart, Simon Portegies},
  journal={New Astronomy},
  volume={17},
  number={5},
  pages={520--523},
  year={2012},
  publisher={North-Holland}
}

@inproceedings{muranushi2009proto,
  title={Proto-planetary Nebulae Struck by Lightning? A Charge Separation Study of Ice Dust Grains And its Effect on Dust Growth},
  author={Muranushi, T and Tomiyasu, T},
  booktitle={Exoplanets and Disks: Their Formation and Diversity: Proceedings of the International Conference},
  volume={1158},
  number={1},
  pages={145--146},
  year={2009},
  organization={AIP Publishing}
}

@article{muranushi2012paraiso,
  title={Paraiso: an automated tuning framework for explicit solvers of partial differential equations},
  author={Muranushi, Takayuki},
  journal={Computational Science \& Discovery},
  volume={5},
  number={1},
  pages={015003},
  year={2012},
  url={http://arxiv.org/abs/1204.4779},
  publisher={IOP Publishing}
}

@article{muranushi2012interdependence,
  title={Interdependence of Electric Discharge and Magnetorotational Instability in Protoplanetary Disks},
  author={Muranushi, Takayuki and Okuzumi, Satoshi and Inutsuka, Shu-ichiro},
  journal={The Astrophysical Journal},
  volume={760},
  number={1},
  pages={56},
  year={2012},
  publisher={IOP Publishing}
}

@article{hotokezaka2013remnant,
  title={Remnant massive neutron stars of binary neutron star mergers: Evolution process and gravitational waveform},
  author={Hotokezaka, Kenta and Kiuchi, Kenta and Kyutoku, Koutarou and Muranushi, Takayuki and Sekiguchi, Yu-ichiro and Shibata, Masaru and Taniguchi, Keisuke},
  journal={Physical Review D},
  volume={88},
  number={4},
  pages={044026},
  year={2013},
  publisher={American Physical Society}
}

@phdthesis{muranushi2013lightning,
  title={Lightning in Protoplanetary Disks},
  author={Muranushi, Takayuki},
  year={2013},
  school={Kyoto University}
}

@inproceedings{muranushi2014experience,
  title={Experience Report: Type-checking Polymorphic Units for Astrophysics Research in Haskell},
  author={Muranushi, Takayuki and Eisenberg, Richard A},
  booktitle={2014 ACM SIGPLAN Symposium on Haskell},
  year={2014},
  organization={ACM}
}

@inproceedings{okabe2014systems,
  title={Systems Demonstration: Writing NetBSD Sound Drivers in Haskell},
  author={Okabe, Kiwamu and Muranushi, Takayuki},
  booktitle={Haskell Symposium, collocated with International Conference on Functional Programming},
  year={2014}
}

@inproceedings{hada2014development,
  title={Development of space weather prediction algorithm using big data analysis},
  author={Hada, Yuko and Muranushi, Takayuki and Shibayama, Takuya and Isobe, Hiroaki and Nemoto, Shigeru and Shibata, Kazunari},
  booktitle={Japan Geoscience Union Meeting 2014},
  year={2014}
}

@inproceedings{muranushi2014nanoblock,
  title={Nanoblock Unroll: Towards the Automatic Generation of Stencil Codes with the Optimal Performance},
  author={Muranushi, Takayuki and Nitadori, Keigo and Makino, Junichiro},
  booktitle={Proceedings of the Second Workshop on Optimizing Stencil Computations},
  pages={49--55},
  year={2014},
  organization={ACM}
}

@article{muranushi2015optimal,
  title={Optimal temporal blocking for stencil computation},
  author={Muranushi, Takayuki and Makino, Junichiro},
  journal={Procedia Computer Science},
  volume={51},
  pages={1303--1312},
  year={2015},
  publisher={Elsevier}
}
